@book{Stix1992,
publisher = {American Institute of Physics},
isbn = {0883188597},
year = {1992},
title = {Waves in plasmas},
language = {eng},
address = {New York},
author = {Stix, Thomas Howard},
keywords = {Plasma waves},
lccn = {91033341},
}


@article{Tao&Bortnik2010,
  doi = {10.5194/npg-17-599-2010},
  url = {https://doi.org/10.5194/npg-17-599-2010},
  year = {2010},
  month = oct,
  publisher = {Copernicus {GmbH}},
  volume = {17},
  number = {5},
  pages = {599--604},
  author = {X. Tao and J. Bortnik},
  title = {Nonlinear interactions between relativistic radiation belt electrons and oblique whistler mode waves},
  journal = {Nonlinear Processes in Geophysics}
}


@article{Karimabadi1990,
  doi = {10.1063/1.859296},
  url = {https://doi.org/10.1063/1.859296},
  year = {1990},
  month = mar,
  publisher = {{AIP} Publishing},
  volume = {2},
  number = {3},
  pages = {606--628},
  author = {H. Karimabadi and K. Akimoto and N. Omidi and C. R. Menyuk},
  title = {Particle acceleration by a wave in a strong magnetic field: Regular and stochastic motion},
  journal = {Physics of Fluids B: Plasma Physics}
}


@article{Roth1999,
  doi = {10.1007/s00585-999-0631-2},
  url = {https://doi.org/10.1007/s00585-999-0631-2},
  year = {1999},
  month = may,
  publisher = {Copernicus {GmbH}},
  volume = {17},
  number = {5},
  pages = {631--638},
  author = {I. Roth and M. Temerin and M. K. Hudson},
  title = {Resonant enhancement of relativistic electron fluxes during geomagnetically active periods},
  journal = {Annales Geophysicae}
}


@article{Wilson2019,
  doi = {10.3847/1538-4365/ab22bd},
  url = {https://doi.org/10.3847/1538-4365/ab22bd},
  year = {2019},
  month = jul,
  publisher = {American Astronomical Society},
  volume = {243},
  number = {1},
  pages = {8},
  author = {Lynn B. {Wilson III} and Li-Jen Chen and Shan Wang and Steven J. Schwartz and Drew L. Turner and Michael L. Stevens and Justin C. Kasper and Adnane Osmane and Damiano Caprioli and Stuart D. Bale and Marc P. Pulupa and Chadi S. Salem and Katherine A. Goodrich},
  title = {Electron Energy Partition across Interplanetary Shocks. I. Methodology and Data Product},
  journal = {The Astrophysical Journal Supplement Series}
}


@article{Maksimovic2005,
  doi = {10.1029/2005ja011119},
  url = {https://doi.org/10.1029/2005ja011119},
  year = {2005},
  month = sep,
  publisher = {American Geophysical Union ({AGU})},
  volume = {110},
  number = {A9},
  author = {M. Maksimovic and I. Zouganelis and J.-Y. Chaufray and K. Issautier and E. E. Scime and J. E. Littleton and E. Marsch and D. J. McComas and C. Salem and R. P. Lin and H. Elliott},
  title = {Radial evolution of the electron distribution functions in the fast solar wind between 0.3 and 1.5 {AU}},
  journal = {Journal of Geophysical Research: Space Physics}
}



@article{Anderson2012,
  doi = {10.1029/2011ja017269},
  url = {https://doi.org/10.1029/2011ja017269},
  year = {2012},
  month = apr,
  publisher = {American Geophysical Union ({AGU})},
  volume = {117},
  number = {A4},
  author = {B. R. Anderson and R. M. Skoug and J. T. Steinberg and D. J. McComas},
  title = {Variability of the solar wind suprathermal electron strahl},
  journal = {Journal of Geophysical Research: Space Physics}
}


@article{Graham2017,
  doi = {10.1002/2016ja023656},
  url = {https://doi.org/10.1002/2016ja023656},
  year = {2017},
  month = apr,
  publisher = {American Geophysical Union ({AGU})},
  volume = {122},
  number = {4},
  pages = {3858--3874},
  author = {G. A. Graham and I. J. Rae and C. J. Owen and A. P. Walsh and C. S. Arridge and L. Gilbert and G. R. Lewis and G. H. Jones and C. Forsyth and A. J. Coates and J. H. Waite},
  title = {The evolution of solar wind strahl with heliospheric distance},
  journal = {Journal of Geophysical Research: Space Physics}
}


@article{Stverak2009,
doi = {10.1029/2008ja013883},
url = {https://doi.org/10.1029/2008ja013883},
issn = {0148-0227},
journal = {Journal of Geophysical Research: Space Physics},
pages = {A05104--n/a},
volume = {114},
publisher = {{American Geophysical Union ({AGU})}},
number = {A5},
year = {2009},
month = may,
author = {{\u S}tver{\' a}k, {\u S}t{\u e}p{\' a}n and Maksimovic, Milan  and
          Tr{\' a}vn{\' i}{\u c}ek, Pavel M.  and
          Marsch, Eckart and Fazakerley, Andrew N. and Scime, Earl E.},
title = {Radial evolution of nonthermal electron populations in the low-latitude solar wind: Helios, Cluster, and Ulysses Observations},
copyright = {2008 American Geophysical Union},
language = {eng},
address = {WASHINGTON},
}


@book{Summers2012,
series = {Geophysical monograph ; 199},
publisher = {American Geophysical Union},
isbn = {9780875904894},
year = {2012},
title = {Dynamics of the Earth's radiation belts and inner magnetosphere},
language = {eng},
address = {Washington, DC},
keywords = {Magnetosphere; Van Allen radiation belts},
lccn = {2012041727},
author = {Danny Summers},
}


@article{Hsieh2017,
  doi = {10.1002/2016ja023255},
  url = {https://doi.org/10.1002/2016ja023255},
  year = {2017},
  month = jan,
  publisher = {American Geophysical Union ({AGU})},
  volume = {122},
  number = {1},
  pages = {675--694},
  author = {Yi-Kai Hsieh and Yoshiharu Omura},
  title = {Nonlinear dynamics of electrons interacting with oblique whistler mode chorus in the magnetosphere},
  journal = {Journal of Geophysical Research: Space Physics}
}


@article{Breneman2010,
  doi = {10.1029/2009ja014920},
  url = {https://doi.org/10.1029/2009ja014920},
  year = {2010},
  month = aug,
  publisher = {American Geophysical Union ({AGU})},
  volume = {115},
  number = {A8},
  author = {A. Breneman and C. Cattell and S. Schreiner and K. Kersten and L. B. Wilson and P. Kellogg and K. Goetz and L. K. Jian},
  title = {Observations of large-amplitude,  narrowband whistlers at stream interaction regions},
  journal = {Journal of Geophysical Research: Space Physics}
}


@article{Cattell2020,
  doi = {10.3847/1538-4357/ab961f},
  url = {https://doi.org/10.3847/1538-4357/ab961f},
  year = {2020},
  month = jul,
  publisher = {American Astronomical Society},
  volume = {897},
  number = {2},
  pages = {126},
  author = {C. A. Cattell and B. Short and A. W. Breneman and P. Grul},
  title = {Narrowband Large Amplitude Whistler-mode Waves in the Solar Wind and Their Association with Electrons: {STEREO} Waveform Capture Observations},
  journal = {The Astrophysical Journal}
}


@phdthesis{Kersten2014,
title    = {Observation and simulation of large amplitude whistler
waves and electron acceleration in Earthâ€™s radiation belts},
school   = {University of Minnesota -- Twin Cities},
author   = {Kristopher Kersten},
year     = {2014},
}


@book{Birdsall&Langdon1985,
publisher = {McGraw-Hill},
isbn = {0070053715},
year = {1985},
title = {Plasma physics via computer simulation},
language = {eng},
address = {New York},
author = {Birdsall, Charles K and Langdon, Bruce A},
keywords = {Plasma (Ionized gases) -- Simulation methods; Computer simulation},
lccn = {81008296},
}


@article{Qin2013,
  doi = {10.1063/1.4818428},
  url = {https://doi.org/10.1063/1.4818428},
  year = {2013},
  month = aug,
  publisher = {{AIP} Publishing},
  volume = {20},
  number = {8},
  pages = {084503},
  author = {Hong Qin and Shuangxi Zhang and Jianyuan Xiao and Jian Liu and Yajuan Sun and William M. Tang},
  title = {Why is Boris algorithm so good?},
  journal = {Physics of Plasmas}
}


@article{Bowers2008,
    doi = {10.1063/1.2840133},
    url = {https://doi.org/10.1063%2F1.2840133},
    year = 2008,
    month = {may},
    publisher = {{AIP} Publishing},
    volume = {15},
    number = {5},
    pages = {055703},
    author = {K. J. Bowers and B. J. Albright and L. Yin and B. Bergen and T. J. T. Kwan},
    title = {Ultrahigh performance three-dimensional electromagnetic relativistic kinetic plasma simulation},
    journal = {Physics of Plasmas}
}


@article{Shklyar1986,
  doi = {10.1016/0032-0633(86)90021-8},
  url = {https://doi.org/10.1016/0032-0633(86)90021-8},
  year = {1986},
  month = nov,
  publisher = {Elsevier {BV}},
  volume = {34},
  number = {11},
  pages = {1091--1099},
  author = {D.R. Shklyar},
  title = {Particle interaction with an electrostatic {VLF} wave in the magnetosphere with an application to proton precipitation},
  journal = {Planetary and Space Science}
}


@article{Albert2000,
  doi = {10.1029/2000ja000008},
  url = {https://doi.org/10.1029/2000ja000008},
  year = {2000},
  month = sep,
  publisher = {American Geophysical Union ({AGU})},
  volume = {105},
  number = {A9},
  pages = {21191--21209},
  author = {J. M. Albert},
  title = {Gyroresonant interactions of radiation belt particles with a monochromatic electromagnetic wave},
  journal = {Journal of Geophysical Research: Space Physics}
}


@article{Albert1993,
  doi = {10.1063/1.860715},
  url = {https://doi.org/10.1063/1.860715},
  year = {1993},
  month = aug,
  publisher = {{AIP} Publishing},
  volume = {5},
  number = {8},
  pages = {2744--2750},
  author = {Jay M. Albert},
  title = {Cyclotron resonance in an inhomogeneous magnetic field},
  journal = {Physics of Fluids B: Plasma Physics}
}


@article{Artemyev2018,
  doi = {10.1016/j.cnsns.2018.05.004},
  url = {https://doi.org/10.1016/j.cnsns.2018.05.004},
  year = {2018},
  month = dec,
  publisher = {Elsevier {BV}},
  volume = {65},
  pages = {111--160},
  author = {A.V. Artemyev and A.I. Neishtadt and D.L. Vainchtein and A.A. Vasiliev and I.Y. Vasko and L.M. Zelenyi},
  title = {Trapping (capture) into resonance and scattering on resonance: Summary of results for space plasma systems},
  journal = {Communications in Nonlinear Science and Numerical Simulation}
}


@Book{Goldstein2002,
 author = {Goldstein, Herbert and Poole, Charles and Safko, John},
 title = {{Classical Mechanics}},
 publisher = {Addison Wesley},
 year = {2002},
 address = {San Francisco},
 isbn = {0201316110}
 }


@Book{Lichtenberg&Lieberman1992,
 author = {Lichtenberg, Allan and Lieberman, Michael},
 title = {Regular and chaotic dynamics},
 publisher = {Springer-Verlag},
 year = {1992},
 address = {New York},
 isbn = {0387977457}
 }


@article{RobergClark2019,
	doi = {10.3847/1538-4357/ab5114},
	url = {https://doi.org/10.3847/1538-4357/ab5114},
	year = 2019,
	month = {dec},
	publisher = {American Astronomical Society},
	volume = {887},
	number = {2},
	pages = {190},
	author = {G. T. Roberg-Clark and O. Agapitov and J. F. Drake and M. Swisdak},
	title = {Scattering of Energetic Electrons by Heat-flux-driven Whistlers in Flares},
	journal = {The Astrophysical Journal},
}


@article{Halekas2020,
  doi = {10.3847/1538-4365/ab4cec},
  url = {https://doi.org/10.3847/1538-4365/ab4cec},
  year = {2020},
  month = feb,
  publisher = {American Astronomical Society},
  volume = {246},
  number = {2},
  pages = {22},
  author = {J. S. Halekas and P. Whittlesey and D. E. Larson and D. McGinnis and M. Maksimovic and M. Berthomier and J. C. Kasper and A. W. Case and K. E. Korreck and M. L. Stevens and K. G. Klein and S. D. Bale and R. J. MacDowall and M. P. Pulupa and D. M. Malaspina and K. Goetz and P. R. Harvey},
  title = {Electrons in the Young Solar Wind: First Results from the Parker Solar Probe},
  journal = {The Astrophysical Journal Supplement Series}
}


@article{Micera2020,
	doi = {10.3847/2041-8213/abc0e8},
	url = {https://doi.org/10.3847/2041-8213/abc0e8},
	year = 2020,
	month = {nov},
	publisher = {American Astronomical Society},
	volume = {903},
	number = {1},
	pages = {L23},
	author = {A. Micera and A. N. Zhukov and R. A. L{\'{o}}pez and M. E. Innocenti and M. Lazar and E. Boella and G. Lapenta},
	title = {Particle-in-cell Simulation of Whistler Heat-flux Instabilities in the Solar Wind: Heat-flux Regulation and Electron Halo Formation},
	journal = {The Astrophysical Journal},
}


@article{Parker1958,
  title={Dynamics of the interplanetary gas and magnetic fields.},
  author={Parker, Eugene N},
  journal={The Astrophysical Journal},
  volume={128},
  pages={664},
  year={1958}
}


@article{Montgomery1968,
  doi = {10.1029/ja073i015p04999},
  url = {https://doi.org/10.1029/ja073i015p04999},
  year = {1968},
  month = aug,
  publisher = {American Geophysical Union ({AGU})},
  volume = {73},
  number = {15},
  pages = {4999--5003},
  author = {Michael D. Montgomery and S. J. Bame and A. J. Hundhausen},
  title = {Solar wind electrons: Vela 4 measurements},
  journal = {Journal of Geophysical Research}
}


@article{Feldman1975,
  doi = {10.1029/ja080i031p04181},
  url = {https://doi.org/10.1029/ja080i031p04181},
  year = {1975},
  month = nov,
  publisher = {American Geophysical Union ({AGU})},
  volume = {80},
  number = {31},
  pages = {4181--4196},
  author = {W. C. Feldman and J. R. Asbridge and S. J. Bame and M. D. Montgomery and S. P. Gary},
  title = {Solar wind electrons},
  journal = {Journal of Geophysical Research}
}


@article{Pilipp1987,
  doi = {10.1029/ja092ia02p01075},
  url = {https://doi.org/10.1029/ja092ia02p01075},
  year = {1987},
  publisher = {American Geophysical Union ({AGU})},
  volume = {92},
  number = {A2},
  pages = {1075},
  author = {W. G. Pilipp and H. Miggenrieder and M. D. Montgomery and K. -H. M\"{u}hlh\"{a}user and H. Rosenbauer and R. Schwenn},
  title = {Characteristics of electron velocity distribution functions in the solar wind derived from the Helios Plasma Experiment},
  journal = {Journal of Geophysical Research}
}


@CONFERENCE{Mitchell2019,
  author = {Mitchell, J. G. and others},
  title= {Assessing the Solar Neutron and Gamma-ray Contribution to Early Earth's
        Atmospheric Ingredients of Life},
  booktitle = {AGU 2019},
  year = {2019},
  address = {San Francisco, CA},
  month = {Dec.~09-13},
  url = {https://agu.confex.com/agu/fm19/meetingapp.cgi/Paper/553645}
}


@article{Ripperda2018,
  doi = {10.3847/1538-4365/aab114},
  url = {https://doi.org/10.3847/1538-4365/aab114},
  year = {2018},
  month = mar,
  publisher = {American Astronomical Society},
  volume = {235},
  number = {1},
  pages = {21},
  author = {B. Ripperda and F. Bacchini and J. Teunissen and C. Xia and O. Porth and L. Sironi and G. Lapenta and R. Keppens},
  title = {A Comprehensive Comparison of Relativistic Particle Integrators},
  journal = {The Astrophysical Journal Supplement Series}
}


@article{Sandri1996,
  title={{Numerical calculation of Lyapunov exponents}},
  author={Sandri, Marco},
  journal={The Mathematica Journal},
  volume={6},
  number={3},
  pages={78--84},
  year={1996},
  publisher={Redwood City, Ca.: Advanced Book Program, Addison-Wesley Pub. Co., c1990-}
}

@article{Benettin1980,
  title={{Lyapunov characteristic exponents for smooth dynamical systems and for
         Hamiltonian systems; a method for computing all of them. Part 2:
         Numerical application}},
  author={Benettin, Giancarlo and Galgani, Luigi and Giorgilli, Antonio and Strelcyn, Jean-Marie},
  journal={Meccanica},
  volume={15},
  number={1},
  pages={21--30},
  year={1980},
  publisher={Springer}
}


@book{Ott2002,
  doi = {10.1017/cbo9780511803260},
  url = {https://doi.org/10.1017/cbo9780511803260},
  year = {2002},
  month = aug,
  publisher = {Cambridge University Press},
  author = {Edward Ott},
  title = {Chaos in Dynamical Systems}
}


@article{Remya2016,
  doi = {10.1063/1.4972534},
  url = {https://doi.org/10.1063/1.4972534},
  year = {2016},
  month = dec,
  publisher = {{AIP} Publishing},
  volume = {23},
  number = {12},
  pages = {122120},
  author = {B. Remya and K. H. Lee and L. C. Lee and B. T. Tsurutani},
  title = {Polarization of obliquely propagating whistler mode waves based on linear dispersion theory},
  journal = {Physics of Plasmas}
}


@article{Cattell2021,
  doi = {10.1051/0004-6361/202039550},
  url = {https://doi.org/10.1051/0004-6361/202039550},
  year = {2021},
  month = jan,
  publisher = {{EDP} Sciences},
  author = {C. Cattell and B. Short and A. Breneman and J. Halekas and P. Whittesley and D. Larson and J. Kasper and M. Stevens and T. Case and  al.},
  title = {Narrowband oblique whistler-mode waves: comparing properties observed by Parker Solar Probe at $\less$0.3 {AU} and {STEREO} at 1 {AU}},
  journal = {Astronomy {\&} Astrophysics}
}


@article{Agapitov2020,
  doi = {10.3847/2041-8213/ab799c},
  url = {https://doi.org/10.3847/2041-8213/ab799c},
  year = {2020},
  month = mar,
  publisher = {American Astronomical Society},
  volume = {891},
  number = {1},
  pages = {L20},
  author = {O. V. Agapitov and T. Dudok de Wit and F. S. Mozer and J. W. Bonnell and J. F. Drake and D. Malaspina and V. Krasnoselskikh and S. Bale and P. L. Whittlesey and A. W. Case and C. Chaston and C. Froment and K. Goetz and K. A. Goodrich and P. R. Harvey and J. C. Kasper and K. E. Korreck and D. E. Larson and R. Livi and R. J. MacDowall and M. Pulupa and C. Revillet and M. Stevens and J. R. Wygant},
  title = {Sunward-propagating Whistler Waves Collocated with Localized Magnetic Field Holes in the Solar Wind: Parker Solar Probe Observations at 35.7 R $\odot$ Radii},
  journal = {The Astrophysical Journal}
}


@article{Tsurutani1997,
  doi = {10.1029/97rg02200},
  url = {https://doi.org/10.1029/97rg02200},
  year = {1997},
  month = nov,
  publisher = {American Geophysical Union ({AGU})},
  volume = {35},
  number = {4},
  pages = {491--501},
  author = {Bruce T. Tsurutani and Gurbax S. Lakhina},
  title = {Some basic concepts of wave-particle interactions in collisionless plasmas},
  journal = {Reviews of Geophysics}
}

@misc{Cattell2021b,
    title={Parker Solar Probe evidence for scattering of electrons in the young solar wind by narrowband whistler-mode waves},
    author={C. Cattell and A. Breneman and J. Dombeck and B. Short and J. Wygant and J. Halekas and Tony Case and J. Kasper and D. Larson and Mike Stevens and P. Whittesley and S. Bale T. Dudok de Wit and K. Goodrich and R. MacDowall and M. Moncuquet and D. Malaspina and M. Pulupa},
    year={2021},
    eprint={2101.05098},
    archivePrefix={arXiv},
    primaryClass={physics.space-ph}
}

@article{Halekas2020b,
  doi = {10.1051/0004-6361/202039256},
  url = {https://doi.org/10.1051/0004-6361/202039256},
  year = {2020},
  month = oct,
  publisher = {{EDP} Sciences},
  author = {J. S. Halekas and P. L. Whittlesey and D. E. Larson and D. McGinnis and S. D. Bale and M. Berthomier and A. W. Case and B. D. G. Chandran and J. C. Kasper and K. G. Klein and K. E. Korreck and R. Livi and R. J. MacDowall and M. Maksimovic and},
  title = {Electron heat flux in the near-Sun environment},
  journal = {Astronomy {\&} Astrophysics}
}

@article{Vocks2005,
  doi = {10.1086/430119},
  url = {https://doi.org/10.1086/430119},
  year = {2005},
  month = jul,
  publisher = {American Astronomical Society},
  volume = {627},
  number = {1},
  pages = {540--549},
  author = {C. Vocks and C. Salem and R. P. Lin and G. Mann},
  title = {Electron Halo and Strahl Formation in the Solar Wind by Resonant Interaction with Whistler Waves},
  journal = {The Astrophysical Journal}
}

@misc{NASA,
author={GSFC},
title = {Parker Solar Probe First Findings},
month = dec,
year = {2019},
howpublished={\url{https://svs.gsfc.nasa.gov/13484}}
}
